<?xml version='1.0' encoding='UTF-8'?>
<record xmlns="http://www.loc.gov/MARC21/slim">
  <leader>01358cam a2200265   4500</leader>
  <controlfield tag="001">1457994</controlfield>
  <controlfield tag="003">NjP</controlfield>
  <controlfield tag="005">20170619131212.0</controlfield>
  <controlfield tag="008">940817s1916    ua abch       000 0 arar </controlfield>
  <datafield tag="024" ind1="7" ind2=" ">
    <subfield code="a">princeton_aco002284</subfield>
    <subfield code="2">local</subfield>
  </datafield>
  <datafield ind1=" " ind2=" " tag="010">
    <subfield code="a">ne 68000596  </subfield>
  </datafield>
  <datafield ind1=" " ind2=" " tag="035">
    <subfield code="a">(OCoLC)ocm30959897</subfield>
  </datafield>
  <datafield ind1=" " ind2=" " tag="035">
    <subfield code="9">CEL2999TS</subfield>
  </datafield>
  <datafield ind1=" " ind2=" " tag="040">
    <subfield code="a">DLC</subfield>
    <subfield code="c">CUY</subfield>
    <subfield code="d">CUY</subfield>
    <subfield code="d">PUL</subfield>
  </datafield>
  <datafield ind1=" " ind2=" " tag="043">
    <subfield code="a">f-ua---</subfield>
  </datafield>
  <datafield ind1="0" ind2=" " tag="050">
    <subfield code="a">DS110.5</subfield>
    <subfield code="b">.S45</subfield>
  </datafield>
  <datafield ind1="1" ind2=" " tag="100">
    <subfield code="a">Shuqayr, Naʻʻūm,</subfield>
    <subfield code="d">1863-1922.</subfield>
    <subfield code="0">http://id.loc.gov/authorities/names/n82252296</subfield>
  </datafield>
  <datafield ind1="1" ind2="0" tag="245">
    <subfield code="a">Tārīkh Sīnā al-qadīm wa-al-ḥadīth wa-jughrāfīyatuhā,</subfield>
    <subfield code="b">maʻa khulāṣat tārīkh Miṣr wa-al-Shām wa-al-ʻIrāq wa-Jazīrat al-ʻArab wa-mā kāna baynahā min al-ʻalāʾiq al-tijārīyah wa-al-ḥarbīyah wa-ghayrihā ʻan ṭarīq Sīnāʾ min awwal ʻahd al-tārīkh ilá al-yawm.</subfield>
    <subfield code="c">li-Naʻʻūm Bak Shuqayr = The history of Sinai and Arabs, with a résumé of the history of Egypt, Syria, Mesopotamia, and Arabia, etc., by Naum Shoucair Bey.</subfield>
  </datafield>
  <datafield ind1=" " ind2=" " tag="260">
    <subfield code="a">Miṣr :</subfield>
    <subfield code="b">Maṭbaʻat al-Maʻārif,</subfield>
    <subfield code="c">[al-taqdimah 1916]</subfield>
  </datafield>
  <datafield ind1=" " ind2=" " tag="300">
    <subfield code="a">776 p.</subfield>
    <subfield code="b">illus., facsims., maps., ports.</subfield>
    <subfield code="c">18 cm.</subfield>
  </datafield>
  <datafield ind1=" " ind2=" " tag="500">
    <subfield code="a">Title and text in Arabic.</subfield>
  </datafield>
  <datafield ind1=" " ind2=" " tag="500">
    <subfield code="a">"The history of Sinai and Arabs ..."</subfield>
  </datafield>
  <datafield ind1=" " ind2="0" tag="651">
    <subfield code="a">Sinai (Egypt)</subfield>
    <subfield code="x">History.</subfield>
  </datafield>
  <datafield ind1="0" ind2=" " tag="740">
    <subfield code="a">History of Sinai and Arabs.</subfield>
  </datafield>
  <datafield ind1=" " ind2=" " tag="947">
    <subfield code="a">CEL2999</subfield>
  </datafield>
  <datafield ind1=" " ind2=" " tag="911">
    <subfield code="a">20000130</subfield>
  </datafield>
  <datafield ind1="0" ind2="0" tag="852">
    <subfield code="0">1671296</subfield>
    <subfield code="b">nec</subfield>
    <subfield code="t">0</subfield>
    <subfield code="h">DT137.S55</subfield>
    <subfield code="i">S587 1916</subfield>
  </datafield>
  <datafield ind1=" " ind2=" " tag="959">
    <subfield code="a">2000-06-13 00:00:00 -0400</subfield>
  </datafield>
</record>
